@article{test-key,
    author = "person",
    title = "paper",
    journal = "book",
    year = "when"
}